%%%% Guide til bibtex og litteratur.bib %%%%

% Alle kilder angives efter Harvard-metoden og vil i rapporten fremstaa med [FORFATTER, AAR] eller mere praecist [EFTERNAVN, AAR].

% Nederst findes eksempler paa kildeangivelser af typerne book, article, manual techreport og misc.
	% - Book bruges ved helt almindelige boeger
	% - Article bruges ved artikler og udgivelser
	% - Manual bruges ved henvisninger fra internettet, idet \url-funktionen findes her
	% - Techreport kan bruges ved mindre udgivelser, hvor kun titel, forfatter og aar er noedvendig eller tilgaengelig
	% - Misc kan bruges ved det, der falder udenfor de andre kategorier - interview, forelaesninger, foredrag osv.

% Hvis der er flere forfattere paa en kilde, SKAL de listes med 'and' imellem dem - ogsaa ved 3 og derover (f.eks. FORFATTER 1 and FORFATTER 2 and FORFATTER 3). Naar kildelisten bygges i rapporten, vil der ved 2 forfattere komme til at staa [EFTERNAVN 1 og EFTERNAVN 2, AAR] og ved 3 forfattere og derover komme til at staa [EFTERNAVN 1 et. al, AAR].

% Ved almindelige forfatternavne skal der vaere Ã©t saet tuborg-parenteser ved Author (f.eks. author = {H. C. Andersen}). Ved andre navne (f.eks. virksomheder, hjemmesider, grupper, raad, naevn osv.) skal der vaere 2 saet tuborg-parenteser ved Author (f.eks. author = {{Dansk Standard}}). Begrundelse: Med 2 saet tuborg-parenteser skrives hele parentesen ud som forfatter, [Dansk Standard, AAR]. Alternativt ville der i eksemplet bare komme til at staa [Standard, AAR].




@misc{htx_wiki,
	author = {Wikipedia},
	title = {Higher Technical Examination Programme},
	note = {[Online; Accessed: 2018-23-02]},
	howpublished = {\url {https://en.wikipedia.org/wiki/Higher\_Technical\_Examination\_Programme}},
	year = {2018}
}

@misc{nxt2userguide,
	author = {Lego},
	title = {NXT User Guide},
	note = {[Online; Accessed: 2018-16-09]},
	howpublished = {\url {https://www.generationrobots.com/media/Lego-Mindstorms-NXT-Education-Kit.pdf}},
	year = {2018}
}


